<?xml version="1.0" encoding="UTF-8"?><collection xmlns="http://www.loc.gov/MARC21/slim"><record><leader>00333nam--2200133-i-4500</leader><controlfield tag="001">000041917</controlfield><controlfield tag="002">20161230</controlfield><controlfield tag="005">20161230201043</controlfield><controlfield tag="008">060222s1000------------r-----000-0-eng-d</controlfield><datafield ind1=" " ind2=" " tag="080"><subfield code="a">666.22.038</subfield></datafield><datafield ind1=" " ind2=" " tag="100"><subfield code="a">Smirnov,V.A. Solodov,M.I</subfield></datafield><datafield ind1=" " ind2=" " tag="245"><subfield code="a">Finisarea la rece a sticlei optice</subfield></datafield><datafield ind1=" " ind2=" " tag="260"><subfield code="a">Bucuresti, Idt, 1949. 125 P</subfield></datafield><datafield ind1=" " ind2=" " tag="852"><subfield code="a">1000</subfield></datafield></record></collection>